% ARTICLES

@article{avants2009advanced,
  title={Advanced normalization tools (ANTS)},
  author={Avants, Brian B and Tustison, Nick and Song, Gang and others},
  journal={Insight j},
  volume={2},
  number={365},
  pages={1--35},
  year={2009}
}

@article{avants2011reproducible,
  title={A reproducible evaluation of ANTs similarity metric performance in brain image registration},
  author={Avants, Brian B and Tustison, Nicholas J and Song, Gang and Cook, Philip A and Klein, Arno and Gee, James C},
  journal={Neuroimage},
  volume={54},
  number={3},
  pages={2033--2044},
  year={2011},
  publisher={Elsevier}
}

@article{birchfield2022synthesizing,
  title={Synthesizing longitudinal cortical thickness estimates with a flexible and hierarchical multivariate measurement-error model},
  author={Birchfield, Jesse W and Tustison, Nicholas J and Holbrook, Andrew J},
  journal={arXiv preprint arXiv:2204.03576},
  year={2022}
}

@article{carpenter2017stan,
  title={Stan: A probabilistic programming language},
  author={Carpenter, Bob and Gelman, Andrew and Hoffman, Matthew D and Lee, Daniel and Goodrich, Ben and Betancourt, Michael and Brubaker, Marcus and Guo, Jiqiang and Li, Peter and Riddell, Allen},
  journal={Journal of statistical software},
  volume={76},
  number={1},
  year={2017},
  publisher={Columbia Univ., New York, NY (United States); Harvard Univ., Cambridge, MA~…}
}

@article{das2009registration,
  title={Registration based cortical thickness measurement},
  author={Das, Sandhitsu R and Avants, Brian B and Grossman, Murray and Gee, James C},
  journal={Neuroimage},
  volume={45},
  number={3},
  pages={867--879},
  year={2009},
  publisher={Elsevier}
}

@article{fischl2012freesurfer,
  title={FreeSurfer},
  author={Fischl, Bruce},
  journal={Neuroimage},
  volume={62},
  number={2},
  pages={774--781},
  year={2012},
  publisher={Elsevier}
}

@article{hoffman2014no,
  title={The No-U-Turn sampler: adaptively setting path lengths in Hamiltonian Monte Carlo.},
  author={Hoffman, Matthew D and Gelman, Andrew and others},
  journal={J. Mach. Learn. Res.},
  volume={15},
  number={1},
  pages={1593--1623},
  year={2014}
}

@article{holbrook2020anterolateral,
  title={Anterolateral entorhinal cortex thickness as a new biomarker for early detection of Alzheimer's disease},
  author={Holbrook, Andrew J and Tustison, Nicholas J and Marquez, Freddie and Roberts, Jared and Yassa, Michael A and Gillen, Daniel L and Alzheimer's Disease Neuroimaging Initiative {\S}},
  journal={Alzheimer's \& Dementia: Diagnosis, Assessment \& Disease Monitoring},
  volume={12},
  number={1},
  pages={e12068},
  year={2020},
  publisher={Wiley Online Library}
}

@article{jack2008alzheimer,
  title={The Alzheimer's disease neuroimaging initiative (ADNI): MRI methods},
  author={Jack Jr, Clifford R and Bernstein, Matt A and Fox, Nick C and Thompson, Paul and Alexander, Gene and Harvey, Danielle and Borowski, Bret and Britson, Paula J and L. Whitwell, Jennifer and Ward, Chadwick and others},
  journal={Journal of Magnetic Resonance Imaging: An Official Journal of the International Society for Magnetic Resonance in Medicine},
  volume={27},
  number={4},
  pages={685--691},
  year={2008},
  publisher={Wiley Online Library}
}

@article{jack2010hypothetical,
  title={Hypothetical model of dynamic biomarkers of the Alzheimer's pathological cascade},
  author={Jack, Clifford R and Knopman, David S and Jagust, William J and Shaw, Leslie M and Aisen, Paul S and Weiner, Michael W and Petersen, Ronald C and Trojanowski, John Q},
  journal={The Lancet Neurology},
  volume={9},
  number={1},
  pages={119--128},
  year={2010},
  publisher={Elsevier}
}

@article{mueller2005ways,
  title={Ways toward an early diagnosis in Alzheimer’s disease: the Alzheimer’s Disease Neuroimaging Initiative (ADNI)},
  author={Mueller, Susanne G and Weiner, Michael W and Thal, Leon J and Petersen, Ronald C and Jack, Clifford R and Jagust, William and Trojanowski, John Q and Toga, Arthur W and Beckett, Laurel},
  journal={Alzheimer's \& Dementia},
  volume={1},
  number={1},
  pages={55--66},
  year={2005},
  publisher={Elsevier}
}

@article{muth2018user,
  title={User-friendly Bayesian regression modeling: A tutorial with rstanarm and shinystan},
  author={Muth, Chelsea and Oravecz, Zita and Gabry, Jonah},
  journal={The Quantitative Methods for Psychology},
  volume={14},
  number={2},
  pages={99--119},
  year={2018},
  publisher={The Quantitative Methods for Psychology}
}

@article{neal2011mcmc,
  title={MCMC using Hamiltonian dynamics},
  author={Neal, Radford M and others},
  journal={Handbook of markov chain monte carlo},
  volume={2},
  number={11},
  pages={2},
  year={2011}
}

@article{petersen2010alzheimer,
  title={Alzheimer's disease neuroimaging initiative (ADNI): clinical characterization},
  author={Petersen, Ronald Carl and Aisen, PS and Beckett, Laurel A and Donohue, MC and Gamst, AC and Harvey, Danielle J and Jack, CR and Jagust, WJ and Shaw, LM and Toga, AW and others},
  journal={Neurology},
  volume={74},
  number={3},
  pages={201--209},
  year={2010},
  publisher={AAN Enterprises}
}

@article{tombaugh1992mini,
  title={The mini-mental state examination: a comprehensive review},
  author={Tombaugh, Tom N and McIntyre, Nancy J},
  journal={Journal of the American Geriatrics Society},
  volume={40},
  number={9},
  pages={922--935},
  year={1992},
  publisher={Wiley Online Library}
}

@article{tustison2014large,
  title={Large-scale evaluation of ANTs and FreeSurfer cortical thickness measurements},
  author={Tustison, Nicholas J and Cook, Philip A and Klein, Arno and Song, Gang and Das, Sandhitsu R and Duda, Jeffrey T and Kandel, Benjamin M and van Strien, Niels and Stone, James R and Gee, James C and others},
  journal={Neuroimage},
  volume={99},
  pages={166--179},
  year={2014},
  publisher={Elsevier}
}

@misc{tustison2017ants,
  title={The ANTs longitudinal cortical thickness pipeline. bioRxiv: 170209},
  author={Tustison, NJ and Holbrook, AJ and Avants, BB and Roberts, JM and Cook, PA and Reagh, ZM and Stone, JR and Gillen, DL and Yassa, MA},
  year={2017}
}

@article{tustison2019longitudinal,
  title={Longitudinal mapping of cortical thickness measurements: An Alzheimer’s Disease Neuroimaging Initiative-based evaluation study},
  author={Tustison, Nicholas J and Holbrook, Andrew J and Avants, Brian B and Roberts, Jared M and Cook, Philip A and Reagh, Zachariah M and Duda, Jeffrey T and Stone, James R and Gillen, Daniel L and Yassa, Michael A and others},
  journal={Journal of Alzheimer's Disease},
  volume={71},
  number={1},
  pages={165--183},
  year={2019},
  publisher={IOS Press}
}

@article{tustison2021antsx,
  title={The ANTsX ecosystem for quantitative biological and medical imaging},
  author={Tustison, Nicholas J and Cook, Philip A and Holbrook, Andrew J and Johnson, Hans J and Muschelli, John and Devenyi, Gabriel A and Duda, Jeffrey T and Das, Sandhitsu R and Cullen, Nicholas C and Gillen, Daniel L and others},
  journal={Scientific reports},
  volume={11},
  number={1},
  pages={1--13},
  year={2021},
  publisher={Nature Publishing Group}
}


@article{vehtari2017practical,
  title={Practical Bayesian model evaluation using leave-one-out cross-validation and WAIC},
  author={Vehtari, Aki and Gelman, Andrew and Gabry, Jonah},
  journal={Statistics and computing},
  volume={27},
  pages={1413--1432},
  year={2017},
  publisher={Springer}
}



% BOOKS

@book{gelman1995bayesian,
  title={Bayesian data analysis},
  author={Gelman, Andrew and Carlin, John B and Stern, Hal S and Rubin, Donald B},
  year={1995},
  publisher={Chapman and Hall/CRC}
}

@book{rodgers2002alzheimer,
  title={Alzheimer's disease: unraveling the mystery},
  author={Rodgers, Anne Brown},
  volume={1},
  year={2002},
  publisher={National Institutes of Health}
}

@book{seber2012linear,
  title={Linear regression analysis},
  author={Seber, George AF and Lee, Alan J},
  year={2012},
  publisher={John Wiley \& Sons}
}

@book{weiss2005modeling,
  title={Modeling longitudinal data},
  author={Weiss, Robert E},
  volume={1},
  year={2005},
  publisher={Springer}
}



% SOFTWARE

  @Misc{rbase,
    title = {R: A Language and Environment for Statistical Computing},
    author = {{R Core Team}},
    organization = {R Foundation for Statistical Computing},
    address = {Vienna, Austria},
    year = {2021},
    url = {https://www.R-project.org/},
  }

@Misc{rstudio, 
    title = {RStudio: integrated development environment for R}, 
    author = {{RStudio Team}}, 
    organization = {RStudio, PBC.}, 
    address = {Boston, MA}, 
    year = {2020}, 
    url = {http://www.rstudio.com/}
}


@Misc{rstan,
    title = {{RStan}: the {R} interface to {Stan}},
    author = {{Stan Development Team}},
    note = {R package version 2.21.2},
    year = {2020},
    url = {http://mc-stan.org/}
  }

@Misc{pracma,
    title = {pracma: practical numerical math functions},
    author = {Hans W. Borchers},
    year = {2021},
    note = {R package version 2.3.3},
    url = {https://CRAN.R-project.org/package=pracma}
  }

@article{dplyr,
  title={Package ‘dplyr’},
  author={Wickham, Hadley and Fran{\c{c}}ois, Romain and Henry, Lionel and M{\"u}ller, Kirill and Wickham, Maintainer Hadley},
  journal={A Grammar of Data Manipulation. R package version},
  volume={8},
  year={2019}
}

@article{ggplot2,
  title={ggplot2},
  author={Wickham, Hadley},
  journal={Wiley interdisciplinary reviews: computational statistics},
  volume={3},
  number={2},
  pages={180--185},
  year={2011},
  publisher={Wiley Online Library}
}

@article{patchwork,
  title={Package ‘patchwork’},
  author={Pedersen, Thomas Lin},
  journal={R package http://CRAN. R-project. org/package= patchwork. Cran},
  year={2019}
}

@article{stringr,
  title={Package ‘stringr’},
  author={Wickham, Hadley and Wickham, Maintainer Hadley},
  journal={Website: http://stringr. tidyverse. org, https://github. com/tidyverse/stringr},
  year={2019}
}

@article{loo,
  title={Package ‘loo’},
  author={Vehtari, Aki and Gelman, Andrew and Gabry, Jonah and Yao, Yuling},
  journal={Efficient Leave-One-Out Cross-Validation and WAIC for Bayesian Models},
  year={2021}
}

